<record xmlns="http://www.loc.gov/MARC21/slim" xmlns:xsi="http://www.w3.org/2001/XMLSchema-instance" xsi:schemaLocation="http://www.loc.gov/MARC21/slim http://www.loc.gov/standards/marcxml/schema/MARC21slim.xsd"><leader>00394nz   2200145n  4500</leader><controlfield tag="001">oca00431634 </controlfield><controlfield tag="005">19840322000000.0</controlfield><controlfield tag="008">800519n| acannaab|          |b aaa |||  </controlfield><datafield ind1=" " ind2=" " tag="010"><subfield code="a">n  80049752 </subfield></datafield><datafield ind1=" " ind2=" " tag="040"><subfield code="a">DLC</subfield><subfield code="c">DLC</subfield></datafield><datafield ind1="0" ind2=" " tag="100"><subfield code="a">Fortunatianus,</subfield><subfield code="c">Chirius.</subfield></datafield><datafield ind1="0" ind2=" " tag="400"><subfield code="a">Fortunatianus Curius</subfield></datafield><datafield ind1="0" ind2=" " tag="400"><subfield code="a">Chirius Fortunatianus</subfield></datafield><datafield ind1="0" ind2=" " tag="400"><subfield code="a">Fortunatianus,</subfield><subfield code="c">Gaius Chirius</subfield></datafield><datafield ind1="1" ind2=" " tag="400"><subfield code="a">Chirius, Gaius Fortunatianus</subfield></datafield></record>